<record><leader>00000cas a22000007a 4500</leader><controlfield tag="001">12527335</controlfield><controlfield tag="008">850909d18721873wiuwr ne      0    0eng d</controlfield><datafield ind1=" " ind2=" " tag="010"><subfield code="a">sn 85040991 </subfield></datafield><datafield ind1=" " ind2=" " tag="040"><subfield code="a">NPV</subfield><subfield code="b">eng</subfield><subfield code="c">NPV</subfield><subfield code="d">OCLCQ</subfield></datafield><datafield ind1=" " ind2=" " tag="042"><subfield code="a">msc</subfield></datafield><datafield ind1="0" ind2="0" tag="245"><subfield code="a">Ogdensburg leader.</subfield></datafield><datafield ind1=" " ind2=" " tag="260"><subfield code="a">Ogdensburg, Waupaca County, Wis. :</subfield><subfield code="b">Ratcliffe &amp; Hopkins,</subfield><subfield code="c">1872-1873.</subfield></datafield><datafield ind1=" " ind2=" " tag="300"><subfield code="a">1 v.</subfield></datafield><datafield ind1=" " ind2=" " tag="310"><subfield code="a">Weekly</subfield></datafield><datafield ind1="0" ind2=" " tag="362"><subfield code="a">Vol. 1, no. 1 (Dec. 6, 1872)-v. 1, no. 33 (July 18, 1873).</subfield></datafield><datafield ind1=" " ind2=" " tag="752"><subfield code="a">United States</subfield><subfield code="b">Wisconsin</subfield><subfield code="c">Waupaca</subfield><subfield code="d">Ogdensburg.</subfield></datafield></record>